@inproceedings{nvidiaPconv,
   author    = {Guilin Liu and Kevin J. Shih and Ting-Chun Wang and Fitsum A. Reda and Karan Sapra and Zhiding Yu and Andrew Tao and Bryan Catanzaro},
   title     = {{Partial Convolution based Padding}},
   booktitle = {arXiv preprint arXiv:1811.11718},   
   year      = {2018},
}

@inproceedings{nvidiaInpaint,
   author    = {Guilin Liu and Fitsum A. Reda and Kevin J. Shih and Ting-Chun Wang and Andrew Tao and Bryan Catanzaro},
   title     = {{Image Inpainting for Irregular Holes Using Partial Convolutions}},
   booktitle = {The European Conference on Computer Vision (ECCV)},   
   year      = {2018},
}

@article{iterativeArtisticStyleTransfer,
  author    = {Leon A. Gatys and
               Alexander S. Ecker and
               Matthias Bethge},
  title     = {A Neural Algorithm of Artistic Style},
  journal   = {CoRR},
  volume    = {abs/1508.06576},
  year      = {2015},
  %url       = {http://arxiv.org/abs/1508.06576},
  archivePrefix = {arXiv},
  eprint    = {1508.06576},
  timestamp = {Mon, 13 Aug 2018 16:48:03 +0200},
  biburl    = {https://dblp.org/rec/bib/journals/corr/GatysEB15a},
  bibsource = {dblp computer science bibliography, https://dblp.org}
}

@online{rnnWikipedia,
    author = {Fran√ßois Deloche},
    title = {{Recurrent neural network - Wikipedia}},
    url={https://en.wikipedia.org/wiki/Recurrent_neural_network},
    urldate={2019-08}
}

@inproceedings{spade,
  title={{Semantic Image Synthesis with Spatially-Adaptive Normalization}},
  author={Park, Taesung and Ming-Yu Liu and Ting-Chun Wang and Jun-Yan Zhu},
  booktitle={Proceedings of the IEEE Conference on Computer Vision and Pattern Recognition},
  year={2019}
}

@online{thesisSourceCode,
  author = {Martin Stumpf},
  title = {{MasterThesis-FakeHandwriting}},
  url = {https://bitbucket.org/Finomnis/masterthesis-fakehandwriting/},
  urldate = {2019-08}
}


@online{alphastar,
  author = {The AlphaStar Team},
  title = {{AlphaStar: Mastering the Real-Time Strategy Game StarCraft II}},
  url = {https://deepmind.com/blog/article/alphastar-mastering-real-time-strategy-game-starcraft-ii},
  urldate = {2019-08}
}

@online{pix2pixPytorch,
  author = {Jun-Yan Zhu},
  title = {{CycleGAN and pix2pix in PyTorch}},
  url = {https://github.com/junyanz/pytorch-CycleGAN-and-pix2pix},
  urldate = {2019-07}
}

@online{pix2pixFixed,
  author = {Martin Stumpf},
  title = {{CycleGAN and pix2pix in PyTorch}},
  url = {https://github.com/Finomnis/pytorch-CycleGAN-and-pix2pix},
  urldate = {2019-07}
}

@online{infillOurs,
  author = {Martin Stumpf},
  title = {{inpaint-pconv}},
  url = {https://github.com/Finomnis/inpaint-pconv},
  urldate = {2019-08}
}

@inproceedings{cyclegan,
  title={{Unpaired Image-to-Image Translation using Cycle-Consistent Adversarial Networks}},
  author={Zhu, Jun-Yan and Park, Taesung and Isola, Phillip and Efros, Alexei A},
  booktitle={Computer Vision (ICCV), 2017 IEEE International Conference on},
  year={2017}
}

@article{thinning,
 author = {Guo, Zicheng and Hall, Richard W.},
 title = {{Parallel Thinning with Two-subiteration Algorithms}},
 journal = {Commun. ACM},
 issue_date = {March 1989},
 volume = {32},
 number = {3},
 month = mar,
 year = {1989},
 issn = {0001-0782},
 pages = {359--373},
 numpages = {15},
 %url = {http://doi.acm.org/10.1145/62065.62074},
 doi = {10.1145/62065.62074},
 acmid = {62074},
 publisher = {ACM},
 address = {New York, NY, USA}
} 


@article{skeletonize,
 author = {Zhang, T. Y. and Suen, C. Y.},
 title = {{A Fast Parallel Algorithm for Thinning Digital Patterns}},
 journal = {Commun. ACM},
 issue_date = {March 1984},
 volume = {27},
 number = {3},
 month = mar,
 year = {1984},
 issn = {0001-0782},
 pages = {236--239},
 numpages = {4},
 %url = {http://doi.acm.org/10.1145/357994.358023},
 doi = {10.1145/357994.358023},
 acmid = {358023},
 publisher = {ACM},
 address = {New York, NY, USA},
 keywords = {parallel algorithm, skeletonization, thinning of digital patterns}
} 


@inproceedings{cvl,
 author = {Kleber, Florian and Fiel, Stefan and Diem, Markus and Sablatnig, Robert},
 title = {{CVL-DataBase: An Off-Line Database for Writer Retrieval, Writer Identification and Word Spotting}},
 booktitle = {Proceedings of the 2013 12th International Conference on Document Analysis and Recognition},
 series = {ICDAR '13},
 year = {2013},
 isbn = {978-0-7695-4999-6},
 pages = {560--564},
 numpages = {5},
 %url = {https://doi.org/10.1109/ICDAR.2013.117},
 doi = {10.1109/ICDAR.2013.117},
 acmid = {2549436},
 publisher = {IEEE Computer Society},
 address = {Washington, DC, USA},
 keywords = {Off-line Database, Writer Retrieval, Writer Identification}
} 


@article{inverse_conv,
  author    = {Jonathan Long and
               Evan Shelhamer and
               Trevor Darrell},
  title     = {{Fully Convolutional Networks for Semantic Segmentation}},
  journal   = {CoRR},
  volume    = {abs/1411.4038},
  year      = {2014},
  %url       = {http://arxiv.org/abs/1411.4038},
  archivePrefix = {arXiv},
  eprint    = {1411.4038},
  timestamp = {Mon, 13 Aug 2018 16:48:17 +0200},
  %biburl    = {https://dblp.org/rec/bib/journals/corr/LongSD14},
  bibsource = {dblp computer science bibliography, https://dblp.org}
}

@article{unet,
  author    = {Olaf Ronneberger and
               Philipp Fischer and
               Thomas Brox},
  title     = {{U-Net: Convolutional Networks for Biomedical Image Segmentation}},
  journal   = {CoRR},
  volume    = {abs/1505.04597},
  year      = {2015},
  %url       = {http://arxiv.org/abs/1505.04597},
  archivePrefix = {arXiv},
  eprint    = {1505.04597},
  timestamp = {Mon, 13 Aug 2018 16:46:52 +0200},
  %biburl    = {https://dblp.org/rec/bib/journals/corr/RonnebergerFB15},
  bibsource = {dblp computer science bibliography, https://dblp.org}
}

@online{edges2cats,
	author = {Christopher Hesse},
	title  = {{Image-to-Image Demo}},
	urldate   = {2019-07},
	url    = {https://affinelayer.com/pixsrv/}
}

@online{pokemon,
author = {Zaid Alyafeai},
title  = {pix2pix},
urldate   = {2019-07},
url    = {https://zaidalyafeai.github.io/pix2pix/pokemon.html}
}

@article{styleGan,
  author    = {Tero Karras and
               Samuli Laine and
               Timo Aila},
  title     = {A Style-Based Generator Architecture for Generative Adversarial Networks},
  journal   = {CoRR},
  volume    = {abs/1812.04948},
  year      = {2018},
  %url       = {http://arxiv.org/abs/1812.04948},
  archivePrefix = {arXiv},
  eprint    = {1812.04948},
  timestamp = {Tue, 01 Jan 2019 15:01:25 +0100},
  biburl    = {https://dblp.org/rec/bib/journals/corr/abs-1812-04948},
  bibsource = {dblp computer science bibliography, https://dblp.org}
}

@ARTICLE{cnn, 
author={Y. {Lecun} and L. {Bottou} and Y. {Bengio} and P. {Haffner}}, 
journal={Proceedings of the IEEE}, 
title={Gradient-based learning applied to document recognition}, 
year={1998}, 
volume={86}, 
number={11}, 
pages={2278-2324}, 
keywords={optical character recognition;multilayer perceptrons;backpropagation;convolution;gradient-based learning;document recognition;multilayer neural networks;back-propagation;gradient based learning technique;complex decision surface synthesis;high-dimensional patterns;handwritten character recognition;handwritten digit recognition task;2D shape variability;document recognition systems;field extraction;segmentation recognition;language modeling;graph transformer networks;GTN;multimodule systems;performance measure minimization;cheque reading;convolutional neural network character recognizers;Neural networks;Pattern recognition;Machine learning;Optical character recognition software;Character recognition;Feature extraction;Multi-layer neural network;Optical computing;Hidden Markov models;Principal component analysis}, 
doi={10.1109/5.726791}, 
ISSN={0018-9219}, 
month={Nov},}

@article{graves,
  author    = {Alex Graves},
  title     = {{Generating Sequences With Recurrent Neural Networks}},
  journal   = {CoRR},
  volume    = {abs/1308.0850},
  year      = {2013},
  %url       = {http://arxiv.org/abs/1308.0850},
  archivePrefix = {arXiv},
  eprint    = {1308.0850},
  timestamp = {Mon, 13 Aug 2018 16:47:21 +0200},
  %biburl    = {https://dblp.org/rec/bib/journals/corr/Graves13},
  bibsource = {dblp computer science bibliography, https://dblp.org}
}

@article{pix2pix,
  title={{Image-to-Image Translation with Conditional Adversarial Networks}},
  author={Isola, Phillip and Zhu, Jun-Yan and Zhou, Tinghui and Efros, Alexei A},
  journal={arxiv},
  year={2016}
}


@inproceedings{deepwriting,
	author = {Aksan, Emre and Pece, Fabrizio and Hilliges, Otmar},
	title = {{DeepWriting: Making Digital Ink Editable via Deep Generative Modeling}},
	booktitle = {SIGCHI Conference on Human Factors in Computing Systems},
	series = {CHI '18},
	year = {2018},
	location = {Montr\'eal, Canada},
	publisher = {ACM},
	address = {New York, NY, USA}
}

@online{deepwritingSource,
    author = {Aksan, Emre and Pece, Fabrizio and Hilliges, Otmar},
    title = {{DeepWriting}},
    url = {https://github.com/emreaksan/deepwriting},
    urldate = {2019-07}
}

@online{gravesImplementation,
   author = {Vasquez, Sean},
   title = {{Handwriting Synthesis with RNNs}},
   url = {https://github.com/sjvasquez/handwriting-synthesis},
   urldate = {2019-07}
}   
   
@online{gravesImplementationOurs,
   author = {Stumpf, Martin},
   title = {{Handwriting Synthesis with RNNs}},
   url = {https://github.com/finomnis/handwriting-synthesis},
   urldate = {2019-07}
}  

@conference{iam-online,
	author = {Marcus Liwicki and Horst Bunke},
	title = {{IAM-OnDB - an On-Line English Sentence Database Acquired from Handwritten Text on a Whiteboard}},
	booktitle = {8th Intl. Conf. on Document Analysis and Recognition},
	year = {2005},
	volume = {2},
	pages = {956--961}
}